@Book{Lamport1994,
	author = {Leslie Lamport},
	title = {LaTeX: A Document Preparation System},
	chapter = {Reading},
	publisher = {Addison-Wesley},
	address = {Massachusetts},
	year = {1994},
	edition = {2},
	ISBN = {0-201-52983-1},
}

@Book{Knuth1986,
	author = {Donald Ervin Knuth},
	title = {The TeX book},
	publisher = {Addison-Wesley},
	year = {1986},
	edition = {1},
	address = {Boston},
	ISBN = {0-201-13447-0}
}

@Book{Rybicka2003,
	author = {Jiří Rybička},
	title = {LaTeX pro začátečníky},
	chapter = {Základní informace},
	publisher = {Konvoj},
	address = {Brno},
	year = {2003},
	edition = {3},
	ISBN = {80-7302-049-1},
}

@MastersThesis{Cerny2010,
	author = {Lukáš Černý},
	title = {Konverze prezentací mezi platformou LaTeX a Microsoft Power Point},
	school = {Vysoké učení technické v Brně, Fakulta informačních technologií},
	address = {Brno},
	year = {2010},
	type = {Diplomová práce},
}

@MastersThesis{Simek2009,
	author = {Jiří Šimek},
	title = {Transformace výrazů z Editoru Rovnic do LaTeXu},
	school = {Vysoké učení technické v Brně, Fakulta informačních technologií},
	address = {Brno},
	year = {2009},
	type = {Bakalárska práce},
}

@Misc{Martinek2010,
	author = {David Martinek},
	title = {LaTeXové speciality},
	howpublished = {[online]},
	year = {rev. 25. február 2010},
	note = {[vid. 2018-04-13]},
	url = {http://www.fit.vutbr.cz/~martinek/latex/index.html},
}

@Misc{Brabec2002,
	author = {Stanislav Brabec},
	title = {TeX pro každého\,--\,stručný úvod do typografie},
	howpublished = {[online]},
	year = {rev. 16. december 2002},
	note = {[vid. 2018-04-13]},
	url = {https://www.root.cz/clanky/strucny-uvod-do-typografie/},
}

@Misc{Simecek2013,
	author = {Martin Šimeček},
	title = {LaTeX 1.\,--\,Co to je a proč se ho chtít učit?},
	howpublished = {[online]},
	year = {rev. 21. august 2013},
	note = {[vid. 2017-04-13]},
	url = {http://programujte.com/clanek/2013080500},
}

@Proceedings{TypografiaCz,
	publisher = {Digirama s.r.o},
	title = {Typografia},
	year = {1995-2015},
	address = {Praha},
	ISSN = {0322-9068}, 
	publisher = {Ing. Vladislav Najbrt},
}

@Article{Kahn1998,
	author = {Paul Kahn and Lenk Krzysztof},
	title = {Design: principles of typography for user interface design},
	journal = {Interactions},
	volume = {5},
	pages = {15},
	year = {1998},
	ISSN = {1072-5520},
}

@Article{Sullivan2016,
	author = {Eric Sullivan and Timothy Melvin},
	title = {Enhancing Student Writing and Computer Programming with LaTeX and MATLAB in Multivariable Calculus},
	journal = {Primus},
	volume = {26},
	pages = {509\,--\,530},
	year = {2016},
	ISSN = {1051-1970},
}

